<?xml version="1.0" encoding="UTF-8"?><collection xmlns="http://www.loc.gov/MARC21/slim"><record><leader>00441nam--2200133-i-4500</leader><controlfield tag="001">000008839</controlfield><controlfield tag="002">20161230</controlfield><controlfield tag="005">20161230201027</controlfield><controlfield tag="008">060222s1000------------r-----000-0-eng-d</controlfield><datafield ind1=" " ind2=" " tag="080"><subfield code="a">62.012.4</subfield></datafield><datafield ind1=" " ind2=" " tag="100"><subfield code="a">Dragan, C.M., Stefanescu, Al., Rosca, I</subfield></datafield><datafield ind1=" " ind2=" " tag="245"><subfield code="a">Mecanizarea si automatizarea in activitatea de conducere si administrare a intreprinderilor</subfield></datafield><datafield ind1=" " ind2=" " tag="260"><subfield code="a">Bucuresti, Institutul Central De Documentare Tehnica, 1969. 85 P</subfield></datafield><datafield ind1=" " ind2=" " tag="852"><subfield code="a">30711</subfield></datafield></record></collection>